@online{supergiantGames,
	author =  {Supergiant Games},
	title = {Supergiant Games},
	url = {https://www.supergiantgames.com}
}